%% LaTeX2e file `refs.bib'
%% generated by the `filecontents' environment
%% from source `progress*report' on 2014/11/30.
%%
 @online{tunnel_fs_dive_pool,
   author = {International Bodyflight Association (IBA)},
   title = {4-way FS Dive-pool},
   year = {2013},
   url = {www.youtube.com/watch?v=Y2B4S3lGf54&list=LLsEkKn0qzIHSGefmSGT_4og}
 }
